%YAML 1.1
%TAG !u! tag:unity3d.com,2011:
--- !u!1 &1560901620
GameObject:
  m_ObjectHideFlags: 0
  m_CorrespondingSourceObject: {fileID: 0}
  m_PrefabInstance: {fileID: 0}
  m_PrefabAsset: {fileID: 0}
  serializedVersion: 6
  m_Component:
  - component: {fileID: 1560901625}
  - component: {fileID: 1560901624}
  - component: {fileID: 1560901623}
  - component: {fileID: 1560901622}
  - component: {fileID: 1560901621}
  m_Layer: 0
  m_Name: door_triger
  m_TagString: Untagged
  m_Icon: {fileID: 0}
  m_NavMeshLayer: 0
  m_StaticEditorFlags: 0
  m_IsActive: 1
--- !u!4 &1560901625
Transform:
  m_ObjectHideFlags: 0
  m_CorrespondingSourceObject: {fileID: 0}
  m_PrefabInstance: {fileID: 0}
  m_PrefabAsset: {fileID: 0}
  m_GameObject: {fileID: 1560901620}
  m_LocalRotation: {x: -0, y: -0, z: -0, w: 1}
  m_LocalPosition: {x: 0.047693346, y: 0.100245945, z: 0}
  m_LocalScale: {x: 1.3597012, y: 0.24821565, z: 0.6361647}
  m_ConstrainProportionsScale: 0
  m_Children: []
  m_Father: {fileID: 7210788240147548336}
  m_RootOrder: 1
  m_LocalEulerAnglesHint: {x: 0, y: 0, z: 0}
--- !u!33 &1560901624
MeshFilter:
  m_ObjectHideFlags: 0
  m_CorrespondingSourceObject: {fileID: 0}
  m_PrefabInstance: {fileID: 0}
  m_PrefabAsset: {fileID: 0}
  m_GameObject: {fileID: 1560901620}
  m_Mesh: {fileID: 10202, guid: 0000000000000000e000000000000000, type: 0}
--- !u!23 &1560901623
MeshRenderer:
  m_ObjectHideFlags: 0
  m_CorrespondingSourceObject: {fileID: 0}
  m_PrefabInstance: {fileID: 0}
  m_PrefabAsset: {fileID: 0}
  m_GameObject: {fileID: 1560901620}
  m_Enabled: 0
  m_CastShadows: 1
  m_ReceiveShadows: 1
  m_DynamicOccludee: 1
  m_StaticShadowCaster: 0
  m_MotionVectors: 1
  m_LightProbeUsage: 1
  m_ReflectionProbeUsage: 1
  m_RayTracingMode: 2
  m_RayTraceProcedural: 0
  m_RenderingLayerMask: 1
  m_RendererPriority: 0
  m_Materials:
  - {fileID: 10303, guid: 0000000000000000f000000000000000, type: 0}
  m_StaticBatchInfo:
    firstSubMesh: 0
    subMeshCount: 0
  m_StaticBatchRoot: {fileID: 0}
  m_ProbeAnchor: {fileID: 0}
  m_LightProbeVolumeOverride: {fileID: 0}
  m_ScaleInLightmap: 1
  m_ReceiveGI: 1
  m_PreserveUVs: 0
  m_IgnoreNormalsForChartDetection: 0
  m_ImportantGI: 0
  m_StitchLightmapSeams: 1
  m_SelectedEditorRenderState: 3
  m_MinimumChartSize: 4
  m_AutoUVMaxDistance: 0.5
  m_AutoUVMaxAngle: 89
  m_LightmapParameters: {fileID: 0}
  m_SortingLayerID: 0
  m_SortingLayer: 0
  m_SortingOrder: 0
  m_AdditionalVertexStreams: {fileID: 0}
--- !u!65 &1560901622
BoxCollider:
  m_ObjectHideFlags: 0
  m_CorrespondingSourceObject: {fileID: 0}
  m_PrefabInstance: {fileID: 0}
  m_PrefabAsset: {fileID: 0}
  m_GameObject: {fileID: 1560901620}
  m_Material: {fileID: 0}
  m_IsTrigger: 1
  m_Enabled: 1
  serializedVersion: 2
  m_Size: {x: 1, y: 1, z: 1}
  m_Center: {x: 0, y: 0, z: 0}
--- !u!114 &1560901621
MonoBehaviour:
  m_ObjectHideFlags: 0
  m_CorrespondingSourceObject: {fileID: 0}
  m_PrefabInstance: {fileID: 0}
  m_PrefabAsset: {fileID: 0}
  m_GameObject: {fileID: 1560901620}
  m_Enabled: 1
  m_EditorHideFlags: 0
  m_Script: {fileID: 11500000, guid: a29eb7f1477bc413a84006f782284edb, type: 3}
  m_Name: 
  m_EditorClassIdentifier: 
  theDoor: {fileID: 7213043339327149530}
  doorFX: {fileID: 0}
--- !u!1001 &7214687622129839872
PrefabInstance:
  m_ObjectHideFlags: 0
  serializedVersion: 2
  m_Modification:
    m_TransformParent: {fileID: 0}
    m_Modifications:
    - target: {fileID: 1874730244689182, guid: a5050ce036dee2d4d9287249a1e60440, type: 3}
      propertyPath: m_Name
      value: automatic_door
      objectReference: {fileID: 0}
    - target: {fileID: 4052361353619376, guid: a5050ce036dee2d4d9287249a1e60440, type: 3}
      propertyPath: m_RootOrder
      value: 0
      objectReference: {fileID: 0}
    - target: {fileID: 4052361353619376, guid: a5050ce036dee2d4d9287249a1e60440, type: 3}
      propertyPath: m_LocalScale.x
      value: 1.2
      objectReference: {fileID: 0}
    - target: {fileID: 4052361353619376, guid: a5050ce036dee2d4d9287249a1e60440, type: 3}
      propertyPath: m_LocalScale.y
      value: 1.4963199
      objectReference: {fileID: 0}
    - target: {fileID: 4052361353619376, guid: a5050ce036dee2d4d9287249a1e60440, type: 3}
      propertyPath: m_LocalScale.z
      value: 1.5719199
      objectReference: {fileID: 0}
    - target: {fileID: 4052361353619376, guid: a5050ce036dee2d4d9287249a1e60440, type: 3}
      propertyPath: m_LocalPosition.x
      value: 1.081768
      objectReference: {fileID: 0}
    - target: {fileID: 4052361353619376, guid: a5050ce036dee2d4d9287249a1e60440, type: 3}
      propertyPath: m_LocalPosition.y
      value: 0.02
      objectReference: {fileID: 0}
    - target: {fileID: 4052361353619376, guid: a5050ce036dee2d4d9287249a1e60440, type: 3}
      propertyPath: m_LocalPosition.z
      value: -1.91
      objectReference: {fileID: 0}
    - target: {fileID: 4052361353619376, guid: a5050ce036dee2d4d9287249a1e60440, type: 3}
      propertyPath: m_LocalRotation.w
      value: 1
      objectReference: {fileID: 0}
    - target: {fileID: 4052361353619376, guid: a5050ce036dee2d4d9287249a1e60440, type: 3}
      propertyPath: m_LocalRotation.x
      value: 0
      objectReference: {fileID: 0}
    - target: {fileID: 4052361353619376, guid: a5050ce036dee2d4d9287249a1e60440, type: 3}
      propertyPath: m_LocalRotation.y
      value: 0
      objectReference: {fileID: 0}
    - target: {fileID: 4052361353619376, guid: a5050ce036dee2d4d9287249a1e60440, type: 3}
      propertyPath: m_LocalRotation.z
      value: 0
      objectReference: {fileID: 0}
    - target: {fileID: 4052361353619376, guid: a5050ce036dee2d4d9287249a1e60440, type: 3}
      propertyPath: m_LocalEulerAnglesHint.x
      value: 0
      objectReference: {fileID: 0}
    - target: {fileID: 4052361353619376, guid: a5050ce036dee2d4d9287249a1e60440, type: 3}
      propertyPath: m_LocalEulerAnglesHint.y
      value: 0
      objectReference: {fileID: 0}
    - target: {fileID: 4052361353619376, guid: a5050ce036dee2d4d9287249a1e60440, type: 3}
      propertyPath: m_LocalEulerAnglesHint.z
      value: 0
      objectReference: {fileID: 0}
    - target: {fileID: 4303134322858930, guid: a5050ce036dee2d4d9287249a1e60440, type: 3}
      propertyPath: m_LocalScale.z
      value: 1.0614
      objectReference: {fileID: 0}
    - target: {fileID: 4303134322858930, guid: a5050ce036dee2d4d9287249a1e60440, type: 3}
      propertyPath: m_LocalPosition.x
      value: 0
      objectReference: {fileID: 0}
    - target: {fileID: 4303134322858930, guid: a5050ce036dee2d4d9287249a1e60440, type: 3}
      propertyPath: m_LocalPosition.y
      value: 0.000000049615
      objectReference: {fileID: 0}
    - target: {fileID: 4303134322858930, guid: a5050ce036dee2d4d9287249a1e60440, type: 3}
      propertyPath: m_LocalPosition.z
      value: 0.41978
      objectReference: {fileID: 0}
    m_RemovedComponents: []
  m_SourcePrefab: {fileID: 100100000, guid: a5050ce036dee2d4d9287249a1e60440, type: 3}
--- !u!4 &7210788240147548336 stripped
Transform:
  m_CorrespondingSourceObject: {fileID: 4052361353619376, guid: a5050ce036dee2d4d9287249a1e60440,
    type: 3}
  m_PrefabInstance: {fileID: 7214687622129839872}
  m_PrefabAsset: {fileID: 0}
--- !u!1 &7213043339327149530 stripped
GameObject:
  m_CorrespondingSourceObject: {fileID: 1786267039922906, guid: a5050ce036dee2d4d9287249a1e60440,
    type: 3}
  m_PrefabInstance: {fileID: 7214687622129839872}
  m_PrefabAsset: {fileID: 0}
--- !u!95 &675831016
Animator:
  serializedVersion: 5
  m_ObjectHideFlags: 0
  m_CorrespondingSourceObject: {fileID: 0}
  m_PrefabInstance: {fileID: 0}
  m_PrefabAsset: {fileID: 0}
  m_GameObject: {fileID: 7213043339327149530}
  m_Enabled: 1
  m_Avatar: {fileID: 0}
  m_Controller: {fileID: 9100000, guid: 6c2312229836f4abfb2ea55f896e25ec, type: 2}
  m_CullingMode: 0
  m_UpdateMode: 0
  m_ApplyRootMotion: 0
  m_LinearVelocityBlending: 0
  m_StabilizeFeet: 0
  m_WarningMessage: 
  m_HasTransformHierarchy: 1
  m_AllowConstantClipSamplingOptimization: 1
  m_KeepAnimatorStateOnDisable: 0
  m_WriteDefaultValuesOnDisable: 0
